<collection xmlns="http://www.loc.gov/MARC21/slim">
<record>
  <leader>01441nam0a2200313 i 450 </leader>
  <controlfield tag="001">IT\ICCU\CNCE\001941</controlfield>
  <controlfield tag="005">20161212000000.0</controlfield>
  <datafield tag="012" ind1=" " ind2=" ">
    <subfield code="a">r-ne s,is los, QuQu (3) 1536 (R)</subfield>
    <subfield code="2">fei</subfield>
  </datafield>
  <datafield tag="100" ind1=" " ind2=" ">
    <subfield code="a">19970101d1536        0itac0103    ba</subfield>
  </datafield>
  <datafield tag="101" ind1=" " ind2=" ">
    <subfield code="a">LAT</subfield>
  </datafield>
  <datafield tag="102" ind1=" " ind2=" ">
    <subfield code="a">IT</subfield>
  </datafield>
  <datafield tag="200" ind1="1" ind2=" ">
    <subfield code="a">℗Iani Anysii ℗Protogonos tragoedia</subfield>
  </datafield>
  <datafield tag="210" ind1=" " ind2=" ">
    <subfield code="e">Neapoli</subfield>
    <subfield code="g">plumbeis formis descripsit Ioannes Sulzbach</subfield>
    <subfield code="h">1536</subfield>
  </datafield>
  <datafield tag="215" ind1=" " ind2=" ">
    <subfield code="a">88 c.</subfield>
    <subfield code="d">4ʻ</subfield>
  </datafield>
  <datafield tag="300" ind1=" " ind2=" ">
    <subfield code="a">Il colophon  ̈a c. 56r. - A c. P1r altro front.: Comment. in tragoed. Apologia. Epistolae. Correctiones</subfield>
  </datafield>
  <datafield tag="620" ind1=" " ind2=" ">
    <subfield code="a">IT</subfield>
    <subfield code="d">Napoli</subfield>
  </datafield>
  <datafield tag="700" ind1=" " ind2="1">
    <subfield code="a">Anisio,</subfield>
    <subfield code="b">Giano</subfield>
    <subfield code="3">IT\ICCU\CNCA\000760</subfield>
  </datafield>
  <datafield tag="712" ind1="0" ind2="0">
    <subfield code="a">Sultzbach, Giovanni</subfield>
    <subfield code="3">IT\ICCU\CNCT\000421</subfield>
    <subfield code="4">650</subfield>
  </datafield>
  <datafield tag="790" ind1=" " ind2="1">
    <subfield code="a">Anysius,</subfield>
    <subfield code="b">Ianus</subfield>
    <subfield code="3">IT\ICCU\CNCA\007639</subfield>
    <subfield code="z">Anisio, Giano</subfield>
  </datafield>
  <datafield tag="791" ind1="0" ind2="0">
    <subfield code="a">Sultzbacchius, Ioannes</subfield>
    <subfield code="3">IT\ICCU\CNCT\005760</subfield>
    <subfield code="z">Sultzbach, Giovanni</subfield>
  </datafield>
  <datafield tag="791" ind1="0" ind2="0">
    <subfield code="a">Sulsbacchius, Ioannes</subfield>
    <subfield code="3">IT\ICCU\CNCT\005761</subfield>
    <subfield code="z">Sultzbach, Giovanni</subfield>
  </datafield>
  <datafield tag="791" ind1="0" ind2="0">
    <subfield code="a">Sultzbachius, Ioannes</subfield>
    <subfield code="3">IT\ICCU\CNCT\005762</subfield>
    <subfield code="z">Sultzbach, Giovanni</subfield>
  </datafield>
  <datafield tag="791" ind1="0" ind2="0">
    <subfield code="a">Sulsbach, Ioanne</subfield>
    <subfield code="3">IT\ICCU\CNCT\005763</subfield>
    <subfield code="z">Sultzbach, Giovanni</subfield>
  </datafield>
  <datafield tag="791" ind1="0" ind2="0">
    <subfield code="a">Sulzbach, Joannes</subfield>
    <subfield code="3">IT\ICCU\CNCT\005764</subfield>
    <subfield code="z">Sultzbach, Giovanni</subfield>
  </datafield>
  <datafield tag="801" ind1=" " ind2="3">
    <subfield code="a">IT</subfield>
    <subfield code="b">ICCU</subfield>
    <subfield code="c">20201113</subfield>
  </datafield>
  <datafield tag="899" ind1=" " ind2=" ">
    <subfield code="a">Biblioteca nazionale Vittorio Emanuele III. Napoli</subfield>
    <subfield code="1">NA0079</subfield>
    <subfield code="2">NAP BN</subfield>
  </datafield>
  <datafield tag="899" ind1=" " ind2=" ">
    <subfield code="a">Biblioteca nazionale centrale. Roma</subfield>
    <subfield code="1">RM0267</subfield>
    <subfield code="2">BVE CR</subfield>
  </datafield>
  <datafield tag="899" ind1=" " ind2=" ">
    <subfield code="a">Biblioteca universitaria Alessandrina. Roma</subfield>
    <subfield code="1">RM0280</subfield>
    <subfield code="2">RML 01</subfield>
  </datafield>
  <datafield tag="899" ind1=" " ind2=" ">
    <subfield code="a">Biblioteca nazionale Marciana. Venezia</subfield>
    <subfield code="1">VE0049</subfield>
    <subfield code="2">VEA BM</subfield>
  </datafield>
</record>
</collection>
